@TechReport{nativelanddigital2022,
  type = {Dataset},
  title = {Native {{Land Digital}} Url: {{https://native-land.ca/}}},
  author = {Native Land Digital},
  year = {2022},
  institution = {{Native Land Digital}},
  urldate = {2022-08-22},
}
