@TechReport{nrc2023,
  type = {Dataset},
  title = {Geographical {{Names}} of {{Canada Data}}. Url: {{https://natural-resources.canada.ca/earth-sciences/geography/download-geographical-names-data/9245}}},
  author = {Natural Resources Canada},
  year = {2023},
  institution = {{Natural Resources Canada}},
}
